@proceedings{sco-declaration,
    title           = {上海合作组织成立宣言},
    year            = {2001},
    organization    = {上海合作组织},
    address         = {http://chn.sectsco.org/load/43485/},
    month           = {06}
}

@proceedings{sh-spirit-what-xi,
    title           = {习近平理想中的“上海精神”是什么？},
    year            = {2015},
    organization    = {人民网-中国共产党新闻网},
    address         = {http://cpc.people.com.cn/xuexi/n/2015/0710/c385474-27284184.html},
    month           = {07}
}

@proceedings{sh-spirit-what,
    title           = {常识｜什么是“上海精神”？},
    year            = {2021},
    author          = {公考讲师陈冬阳​},
    address         = {https://zhuanlan.zhihu.com/p/358435155},
    month           = {03}
}

@proceedings{xi-2014,
    title           = {凝心聚力 精诚协作 推动上海合作组织再上新台阶},
    year            = {2014},
    author          = {中华人民共和国主席　习近平​},
    address         = {http://cpc.people.com.cn/n/2014/0913/c64094-25654082.html},
    month           = {09}
}

@proceedings{xi-2013,
    title           = {弘扬“上海精神”　促进共同发展},
    year            = {2013},
    author          = {中华人民共和国主席　习近平​},
    address         = {http://cpc.people.com.cn/n/2013/0914/c64094-22920565.html},
    month           = {09}
}