@techreport{2021上半年数字经济总体形势分析,
  author      = {单志广 and 戴彧 and 徐清源},
  institution = {国家信息中心信息化和产业发展部},
  title       = {2021上半年数字经济总体形势分析},
  year        = {2021},
  month       = {Aug.},
  address     = {http://www.sic.gov.cn/News/611/11046.htm}
}

@techreport{《促进大数据发展行动纲要》解读,
  author      = {单志广},
  institution = {国家信息中心},
  title       = {《促进大数据发展行动纲要》解读},
  year        = {2018},
  month       = {May},
  address     = {http://www.sic.gov.cn/News/609/9713.htm},
}

@article{深化数字化转型引领高质量发展,
  author          = {国家信息中心大数据发展部调研组},
  journal         = {数字中国建设通讯},
  title           = {深化数字化转型 引领高质量发展},
  number          = {3},
  year            = {2019},
  address         = {http://www.sic.gov.cn/News/611/10308.htm}
}

@article{单志广：智算中心是构建智慧社会和智能经济的关键性公共算力基础设施,
  author          = {信产部},
  journal         = {人民日报},
  title           = {单志广：智算中心是构建智慧社会和智能经济的关键性公共算力基础设施},
  pages           = {19},
  year            = {2021},
  month           = {Apr.},
  number          = {26588},
  address         = {http://www.sic.gov.cn/News/611/10915.htm}
}