@techreport{cit1.1,
  title       = {【党章修改背后的故事】之二 "全面从严治党"首次写入党章},
  author      = {李鹃},
  institution = {中央纪委监察部网站},
  year        = {2017},
  month       = {12},
  url         = {https://www.ccdi.gov.cn/yaowen/201712/t20171208\_151178.html}
}

@online{cit1.2,
  title       = {党课：全面推进从严治党},
  author      = {戴焰军},
  institution = {中共中央党校},
  url         = {http://xuexi.12371.cn/dangke/qmtjcyzd/index.shtml}
}

@techreport{cit2.1,
  title       = {二〇二一年我国经济发展十大亮点},
  author      = {宁吉喆},
  institution = {人民日报},
  year        = {2021},
  url         = {http://www.qstheory.cn/qshyjx/2021-12/07/c\_1128138333.htm}
}

@techreport{cit4.1,
  title       = {},
  author      = {},
  institution = {人民网},
  year        = {2022},
  url         = {http://app.people.cn/h5/topic/771?clientVersionCode=181}
}

@techreport{cit4.2,
  title       = {俄方决定向“不友好国家”供应天然气时改用卢布结算 乌总统呼吁法国大企业撤出俄市场},
  author      = {蔡静},
  institution = {新华社},
  year        = {2022},
  url         = {http://app.people.cn/h5/detail/normal/4691211780260864},
}

@techreport{cit4.3,
  title       = {巴以再度冲突 紧张局势会否升级},
  author      = {吕迎旭 and 王卓伦},
  institution = {新华社耶路撒冷},
  year        = {2022},
  url         = {http://www.news.cn/world/2022-04/16/c\_1128566798.htm},
}