@misc{start,
  author       = {易衣},
  title        = {任正非：全球经济长期衰退，华为要把活下来作为主要纲领},
  year         = {2022},
  address      = {https://www.yicai.com/news/101514779.html}
}
@misc{origin,
  author       = {第一财经},
  title        = {任正非最新内部文章：从追求规模转向追求利润和现金流},
  year         = {2022},
  address      = {https://baijiahao.baidu.com/s?id=1741939134109688896}
}
@misc{annual-2021,
  author       = {华为投资控股有限公司},
  title        = {华为投资控股有限公司 2021 年年度报告},
  year         = {2022},
  address      = {https://www-file.huawei.com/minisite/media/annual\_report/annual\_report\_2021\_cn.pdf?version=0401}
}